<?xml version="1.0" encoding="UTF-8"?><collection xmlns="http://www.loc.gov/MARC21/slim"><record><leader>00445nam--2200169-u-4500</leader><controlfield tag="001">000050616</controlfield><controlfield tag="002">20161230</controlfield><controlfield tag="005">20161230201048</controlfield><controlfield tag="008">071205s1000------------r-----000-0-eng-d</controlfield><datafield ind1=" " ind2=" " tag="040"><subfield code="a">IFIN-HH</subfield></datafield><datafield ind1=" " ind2=" " tag="080"><subfield code="a">510.65</subfield></datafield><datafield ind1="1" ind2=" " tag="100"><subfield code="a">Gilbert,D. i Bernas,P</subfield></datafield><datafield ind1="1" ind2="0" tag="245"><subfield code="a">Osnovaniya Matematiki. Logicheskie ischisleniya i Formalizatsiya Arifmetiki</subfield></datafield><datafield ind1=" " ind2=" " tag="260"><subfield code="a">Moskva</subfield><subfield code="b">Nauka</subfield><subfield code="c">1979</subfield></datafield><datafield ind1=" " ind2=" " tag="300"><subfield code="a">557 p</subfield></datafield><datafield ind1=" " ind2=" " tag="852"><subfield code="c">510.65</subfield></datafield><datafield ind1=" " ind2=" " tag="CAT"><subfield code="a">Sys</subfield><subfield code="c">20071205</subfield><subfield code="h">095302</subfield></datafield></record></collection>